@BOOK{IRA:1,
AUTHOR="C.N. Boldișor ",
TITLE="Ingineria Reglării Automate - note de curs",
}
@BOOK{TS:1,
	AUTHOR="S. Coman",
	TITLE="Teoria Sistemelor I și II - note de curs",
}
@BOOK{SAE:1,
	AUTHOR="S. Coman",
	TITLE="Sisteme Automate cu Eșantionare - note de curs",
}