@BOOK{IRA:1,
AUTHOR="Iulian Topa",
PUBLISHER="Universitatea Transilvania Brasov",
YEAR="1980",
TITLE="Automatizarea actionarilor electrice",
}
@BOOK{TS:1,
	AUTHOR="Iulian Topa",
	PUBLISHER="Editura didactica si pedagogica Bucuresti",
	YEAR="1980",
	TITLE="Actionari electrice si automatizari",
}
@BOOK{SAE:1,
	PUBLISHER="Editura Matrix Romania Bucuresti",
	YEAR="2005",
	TITLE="Elemente de executie electrice",
}
@BOOK{SAE:2,
	PUBLISHER="Editura Matrix Romania Bucuresti",
	YEAR="2005",
	TITLE="Actionari electrice reglabile cu masini de curent contunuu",
}
@BOOK{SAE:3,
	AUTHOR="Stefan Dan",
	YEAR="2005",
	PUBLISHER="Editura Matrix Romania Bucuresti",
	TITLE="Teoria sistemelor",
}